@article{bellomo,
	title={From the mathematical kinetic theory of active particles to multiscale modelling of complex biological systems},
	author={Bellomo, Nicola and Bellouquid, Abdelghani and Delitala, Marcello},
	journal={Mathematical and Computer Modelling},
	volume={47},
	number={7},
	pages={687--698},
	year={2008},
	publisher={Elsevier}
}

@article{textolargo,
	doi	= {10.1142/S0218202503002453},
	title	= {QUALITATIVE ANALYSIS OF A MEAN FIELD MODEL OF TUMOR-IMMUNE SYSTEM COMPETITION},
	author	= {De Angelis, Elena and Jabin and Pierre-enmanuelle},
	publisher	= {World Scientific Publishing Company},
	journal	= {Mathematical Models and Methods in Applied Sciences},
	issnp	= {0218-2025},
	year	= {2003},
	month	= {02},
	volume	= {13},
	issue	= {02},
	page	= {187--206},

}
@book{libro,
	title =     {Modeling Complex Living Systems: A Kinetic Theory and Stochastic Game Approach (Modeling and Simulation in Science, Engineering and Technology)},
	author =    {Nicola Bellomo},
	publisher = {Birkhäuser Boston},
	isbn =      {0817645101,9780817645106},
	year =      {2007},
	series =    {},
	edition =   {1},
	volume =    {},
}
@article{existencia,
	doi	= {10.1002/mma.656},
	title	= {Mathematical models of therapeutical actions related to tumour and immune system competition},
	author	= {Elena De Angelis and Pierre-Emmanuel Jabin},
	publisher	= {John Wiley and Sons},
	journal	= {Mathematical Methods in the Applied Sciences},
	issnp	= {0170-4214},
	issne	= {1099-1476},
	year	= {2005},
	volume	= {28},
	issue	= {17},
	page	= {2061--2083},
}
@article{pdf,
	doi	= {10.1142/S0218202501001501},
	title	= {MODELLING OF THE IMMUNE RESPONSE: CONCEPTUAL FRAMEWORKS AND APPLICATIONS},
	author	= {De Angelis, E. and Mesin, L.},
	publisher	= {World Scientific Publishing Company},
	journal	= {Mathematical Models and Methods in Applied Sciences},
	issnp	= {0218-2025},
	year	= {2001},
	month	= {12},
	volume	= {11},
	issue	= {09},
	page	= {1609--1630},
}
@article{elvesier,
	doi	= {10.1016/j.mcm.2007.02.016},
	title	= {On the kinetic theory for active particles: A model for tumor–immune system competition},
	author	= {Elena De Angelis and Bertrand Lods},
	publisher	= {Elsevier Science},
	journal	= {Mathematical and Computer Modelling},
	issnp	= {0895-7177},
	year	= {2008},
	volume	= {47},
	issue	= {1-2},
	page	= {196--209},

}
@article{original,
	doi	= {10.1002/mma.1190},
	title	= {A mathematical model of immune competition related to cancer dynamics},
	author	= {Ilaria Brazzoli and Elena De Angelis and Pierre-Emmanuel Jabin},
	publisher	= {John Wiley and Sons},
	journal	= {Mathematical Methods in the Applied Sciences},
	issnp	= {0170-4214},
	issne	= {1099-1476},
	year	= {2010},
	volume	= {33},
	issue	= {6},
	page	= {0--0},
}